<record><leader>00000cas a22000007a 4500</leader><controlfield tag="001">17937738</controlfield><controlfield tag="008">880511c19629999ohuwr ne      0   a0eng d</controlfield><datafield ind1=" " ind2=" " tag="010"><subfield code="a">sn 88077409 </subfield></datafield><datafield ind1=" " ind2=" " tag="040"><subfield code="a">ONP</subfield><subfield code="b">eng</subfield><subfield code="c">ONP</subfield><subfield code="d">NSD</subfield><subfield code="d">OCLCQ</subfield></datafield><datafield ind1=" " ind2=" " tag="012"><subfield code="m">1</subfield></datafield><datafield ind1="1" ind2=" " tag="022"><subfield code="a">1073-6689</subfield><subfield code="l">1073-6689</subfield><subfield code="2">1</subfield></datafield><datafield ind1=" " ind2=" " tag="032"><subfield code="a">094520</subfield><subfield code="b">USPS</subfield></datafield><datafield ind1=" " ind2=" " tag="037"><subfield code="b">Catholic Press, Inc., 100 East 8th St., Cincinnati, OH 45202</subfield></datafield><datafield ind1=" " ind2=" " tag="042"><subfield code="a">msc</subfield><subfield code="a">nsdp</subfield></datafield><datafield ind1="0" ind2=" " tag="130"><subfield code="a">Catholic telegraph (Cincinnati, Ohio : 1962)</subfield></datafield><datafield ind1=" " ind2="0" tag="222"><subfield code="a">Catholic telegraph</subfield><subfield code="b">(Cincinnati ed.)</subfield></datafield><datafield ind1="1" ind2="0" tag="245"><subfield code="a">Catholic telegraph.</subfield></datafield><datafield ind1=" " ind2=" " tag="250"><subfield code="a">Cincinnati ed.</subfield></datafield><datafield ind1=" " ind2=" " tag="260"><subfield code="a">Cincinnati, Ohio :</subfield><subfield code="b">Catholic Press,</subfield><subfield code="c">1962-</subfield></datafield><datafield ind1=" " ind2=" " tag="310"><subfield code="a">Weekly</subfield></datafield><datafield ind1="0" ind2=" " tag="362"><subfield code="a">131st year (Jan. 5, 1962)-</subfield></datafield><datafield ind1=" " ind2=" " tag="500"><subfield code="a">Issues for Jan. 5, 1962 also called Cincinnati ed.; Issues for &lt;Jan. 9, 1998-&gt; has no Cincinnati edition statement.</subfield></datafield><datafield ind1=" " ind2=" " tag="588"><subfield code="a">Latest issue consulted: 162nd year, no. 47 (Nov. 26, 1993).</subfield></datafield><datafield ind1=" " ind2=" " tag="752"><subfield code="a">United States</subfield><subfield code="b">Ohio</subfield><subfield code="c">Hamilton</subfield><subfield code="d">Cincinnati.</subfield></datafield><datafield ind1="0" ind2="0" tag="780"><subfield code="t">Catholic telegraph register</subfield><subfield code="w">(DLC)sn 88077408</subfield></datafield></record>